@article{Hashimoto2007,
author = {Hashimoto, Akihiro and Miyano, Hisao and Taguri, Masaaki},
file = {:J$\backslash$:/Documents and Settings/Voss/Desktop/37010105.pdf:pdf},
keywords = {and phrases,canonical correlation,correlation coefficient,nonlinear op-,quadratic constraint,singular value decomposition,timization},
number = {1},
pages = {105--121},
title = {{MAXIMIZATION OF CORRELATION UNDER A}},
volume = {37},
year = {2007}
}
@misc{Smith,
author = {Smith, Nicholas},
file = {:K$\backslash$:/mata\_baka/mata\_baka/Example\_Likert\_Scale.png:png},
howpublished = {http://en.wikipedia.org/wiki/File:Example\_Likert\_Scale.svg},
title = {{Example of Likert Scale}},
url = {http://en.wikipedia.org/wiki/File:Example\_Likert\_Scale.svg},
urldate = {18.02.2013}
}
@misc{UT,
abstract = {Vootele R\~{o}tovi poolt v\~{o}etud ekraanit\~{o}mmis},
author = {UT},
file = {:K$\backslash$:/mata\_baka/mata\_baka/ois\_tagasiside\_toodeldud.png:png},
howpublished = {http://is.ut.ee},
title = {{\~{O}isi tagasiside}},
url = {http://is.ut.ee},
urldate = {18.02.2013}
}
@article{,
file = {:K$\backslash$:/mata\_baka/mata\_baka/SSRN-id1353202.pdf:pdf},
title = {{Electronic copy available at: http://ssrn.com/abstract=1353202}}
}
@misc{,
file = {:J$\backslash$:/Documents and Settings/Voss/Desktop/Golub G.H., van Loan C.F. Matrix computations (pages 1 to 308)(3ed., JHU, 1996)(169s).pdf:pdf},
title = {{Golub G.H., van Loan C.F. Matrix computations (pages 1 to 308)(3ed., JHU, 1996)(169s).pdf}}
}
